@misc{Ortega,
	title        = {Simple fluentbit filter for IIS logs W3C format using WASM},
	author       = {Ortega, Kenrique},
	journal      = {GitHub},
	url          = {https://github.com/kenriortega/flb_filter_iis}
}
@article{Dwork2013,
	title        = {The Algorithmic Foundations of Differential Privacy},
	author       = {Dwork,  Cynthia and Roth,  Aaron},
	year         = 2013,
	journal      = {Foundations and Trends{\textregistered} in Theoretical Computer Science},
	publisher    = {Now Publishers},
	volume       = 9,
	number       = {3–4},
	pages        = {211–407},
	doi          = {10.1561/0400000042},
	issn         = {1551-3068},
	url          = {http://dx.doi.org/10.1561/0400000042}
}
@inproceedings{Narayanan2008,
	title        = {Robust De-anonymization of Large Sparse Datasets},
	author       = {Narayanan,  Arvind and Shmatikov,  Vitaly},
	year         = 2008,
	month        = may,
	booktitle    = {2008 IEEE Symposium on Security and Privacy (sp 2008)},
	publisher    = {IEEE},
	doi          = {10.1109/sp.2008.33},
	issn         = {1081-6011},
	url          = {http://dx.doi.org/10.1109/SP.2008.33}
}
@inproceedings{Vadhan2019OpenDPA,
	title        = {OpenDP : An Open-Source Suite of Differential Privacy Tools},
	author       = {Salil P. Vadhan and Merc{\`e} Crosas and James Honaker},
	year         = 2019,
	url          = {https://api.semanticscholar.org/CorpusID:198976455}
}
@misc{WhatisDifferentialPrivacy,
	url          = {https://www.statice.ai/post/what-is-differential-privacy-definition-mechanisms-examples},
	abstractnote = {Discover differential privacy, a technique to protect privacy in datasets while allowing for data analysis. Explore mechanisms, uses in machine learning and synthetic data, and how enterprise use it.},
	language     = {en}
}
@misc{Maranon,
	title        = {What Differential Privacy Is and Why Google and Apple Are Using It with Your Data},
	author       = {Marañón, Gonzalo Álvarez},
	journal      = {Telefónica Tech},
	url          = {https://telefonicatech.com/en/blog/differential-privacy-google-apple-using-it-with-your-data},
	abstractnote = {In order to customize their products and services and offer increasingly better features that make them more valuable and useful, companies need to kn},
	language     = {en}
}
@misc{markdefalco_2020,
	title        = {Differential Privacy in Practice at Microsoft: Windows},
	author       = {markdefalco},
	year         = 2020,
	month        = may,
	url          = {https://learn.microsoft.com/en-us/shows/ai-show/differential-privacy-in-practice-at-microsoft-windows},
	abstractnote = {Learn how we use differential privacy to protect users’ data in Windows.Learn More: Azure Blog Responsible MLAzure ML The AI Show’s Favorite links:Don’t miss new episodes, subscribe to the AI Show  Create a Free account (Azure) Please note that we are renaming the toolkit and will be introducing the new name in the coming weeks.},
	language     = {en-us}
}
@misc{What-is-Fluent-Bit,
	publisher    = {The Fluent Bit Authors},
	url          = {https://docs.fluentbit.io/manual/about/what-is-fluent-bit},
	abstractnote = {Fluent Bit is a CNCF sub-project under the umbrella of Fluentd},
	language     = {en}
}
@misc{MicrosoftOpenDP,
	title        = {Introducing the new differential privacy platform from Microsoft and Harvard’s opendp},
	author       = {Bird, Sarah},
	year         = 2022,
	month        = {Nov},
	journal      = {Microsoft Open Source Blog},
	url          = {https://cloudblogs.microsoft.com/opensource/2020/05/19/new-differential-privacy-platform-microsoft-harvard-opendp/}
}
@misc{MicrosoftHarvardOpenDP,
	title        = {New differential privacy platform co-developed with Harvard’s OpenDP unlocks data while safeguarding privacy},
	year         = 2020,
	month        = {Sep},
	journal      = {Microsoft On the Issues},
	url          = {https://blogs.microsoft.com/on-the-issues/2020/06/24/differential-privacy-harvard-opendp/}
}
@misc{MicrosoftDataResponsibly,
	title        = {Putting differential privacy into practice to use data responsibly},
	author       = {Bird, Sarah},
	year         = 2020,
	month        = {Oct},
	journal      = {AI for Business},
	url          = {https://blogs.microsoft.com/ai-for-business/differential-privacy/}
}
@misc{MicrosoftSmartNoise,
	year         = 2021,
	month        = {Jun},
	journal      = {Microsoft On the Issues},
	url          = {https://blogs.microsoft.com/on-the-issues/2020/12/10/differential-privacy-smartnoise-early-adopter-acceleration-program/}
}
@inproceedings{RAPPOR,
	title        = {RAPPOR: Randomized Aggregatable Privacy-Preserving Ordinal Response},
	author       = {Úlfar Erlingsson and Vasyl Pihur and Aleksandra Korolova},
	year         = 2014,
	booktitle    = {Proceedings of the 21st ACM Conference on Computer and Communications Security},
	address      = {Scottsdale, Arizona},
	url          = {https://arxiv.org/abs/1407.6981}
}
@misc{Guevara_2022,
	title        = {Expanding access to differential privacy to create a safer online ecosystem},
	author       = {Guevara, Miguel},
	year         = 2022,
	month        = {Jan},
	journal      = {Google for Developers},
	url          = {https://developers.googleblog.com/2022/01/expanding-access-to-differential-privacy.html}
}
@misc{Google_BigQuery, url={https://cloud.google.com/bigquery/docs/differential-privacy}, journal={Google}, publisher={Google}} 

@misc{Webassembly, url={https://webassembly.org/}, journal={Webassembly}} 

@inbook{Dwork2006,
  title = {Calibrating Noise to Sensitivity in Private Data Analysis},
  ISBN = {9783540327325},
  ISSN = {1611-3349},
  url = {http://dx.doi.org/10.1007/11681878_14},
  DOI = {10.1007/11681878_14},
  booktitle = {Lecture Notes in Computer Science},
  publisher = {Springer Berlin Heidelberg},
  author = {Dwork,  Cynthia and McSherry,  Frank and Nissim,  Kobbi and Smith,  Adam},
  year = {2006},
  pages = {265–284}
}

@inproceedings{McSherry2007,
  title = {Mechanism Design via Differential Privacy},
  url = {http://dx.doi.org/10.1109/FOCS.2007.66},
  DOI = {10.1109/focs.2007.66},
  booktitle = {48th Annual IEEE Symposium on Foundations of Computer Science (FOCS’07)},
  publisher = {IEEE},
  author = {McSherry,  Frank and Talwar,  Kunal},
  year = {2007},
  month = oct 
}
@misc{kasiviswanathan2010learn,
      title={What Can We Learn Privately?}, 
      author={Shiva Prasad Kasiviswanathan and Homin K. Lee and Kobbi Nissim and Sofya Raskhodnikova and Adam Smith},
      year={2010},
      eprint={0803.0924},
      archivePrefix={arXiv},
      primaryClass={cs.LG}
}